% Referências para o Doutorado

%--------------------------------------------------------
% Referências de teoria linguística sobre todo no PB
%--------------------------------------------------------
% Negrão (2002)
@article{neg2002,
title={Distributividade e genericidade nos sintagmas introduzidos por ``cada'' e ``todo''.},
author={Negrão, Esmeralda. V.},
journal={Revista do Gel},
volume={-},
number={número especial},
pages={185--205},
year={2002}
}

% Rodrigues & Marcilese (2014)
@article{RodMarc2014,
title={Procedimentos heurísticos no processamento linguístico? Um estudo sobre a interpretação de expressões quantificadas no PB},
author={Rodrigues, Erica dos Santos and Marcilese, Mercedes},
journal={Fórum Linguístico},
volume={11},
number={n.s.},
pages={308--327},
year={2014}
}

% Marcilese & Rodrigues (2015)
@article{MarcRod2015,
title={Notes on speaker's intuitions and judgments in linguistic theory and psycholinguistics: the case of Q-expressions in BrP.},
author={Marcilese, Mercedes and Rodrigues, Erica dos Santos},
journal={ReVEL},
volume={edição especial},
number={9},
year={2015}
}

% Müller et al. (2007)
@article{MullerETal2007,
title={``Todo'' em contextos distributivos.},
author={Müller, A. L. P. and Negrão, E. V. and Gomes, A. P.},
journal={D.E.L.T.A.},
volume={23},
number={1},
year={2007},
pages={71--95}
}

% Pires de oliveira (2003)
@article{PiresOliv2003,
title={Some remarks on ``todo N'' in brazilian portuguese.},
author={Oliveira, Roberta Pires},
journal={Revista Letras},
volume={-},
number={60},
pages={363--384},
publisher={Editara UFPR},
year={2003},
month={jul./dez.},
adress={Curitiba}
}

% Barcellos (2017)
@mastersthesis{Barcellos2017,
title={``Esse é mais difícil por causa das palavras'': uma investigação psicolinguística acerca do papel da linguagem na resolução de problems matemáticos de divisão},
author={Barcellos, J. S.},
year={2017},
school={Pontifícia Universidade Católica do Rio de Janeiro},
}

% Silva (2012)
@mastersthesis{silva2012,
title={Foco e relações de escopo: um estudo de caso no português brasileiro.},
author={Silva, Fernanda Rosa da},
year={2012},
school={Universidade de São Paulo},
}

% Patson & Warren (2010)
@article{PatWarren2010,
title={Evidence for Distributivity Effects in Comprehension.},
author={Patson, Nikole D. and Warren, Tessa},
journal={Journal of Experimental Psychology: Learning, Memory and Cognition},
volume={36},
number={3},
year={2010},
pages={782-789}
}

%---------------------------------------------------------
% Revisão da literatura sobre experimentos
%---------------------------------------------------------
% Kurtzman & MacDonald (1993)
@article{KMac1993,
title={Resolution of quantifier scope ambiguities.},
author={Kurtzman, Howard. S. and MacDonald, Maryellen. C.},
journal={Cognition},
volume={48},
number={3},
pages={243--279},
year={1993},
publisher={Elsevier}
}

% Tunstall (1998)
@phdthesis{Tunstall1998,
title={The interpretation of quantifiers: semantics \& processing.},
author={Tunstall, Susanne L.},
year={1998},
school={University of Massachusetts Amherst}
}

% Anderson (2004)
@phdthesis{Anderson2004,
title={The structure and real-time comprehension of quantifier scope ambiguity},
author={Anderson, C.},
year={2004},
school={Northwestern University}
}

% Dwivedi (2010)
@article{Dwivedi2010,
  title={The neural underpinnings of semantic ambiguity and anaphora},
  author={Dwivedi, Veena and Phillips, Natalie A. and Einagel, Stephanie and Baum, Shari R.},
  journal={Brain Research},
  year={2010},
  volume={1311},
  pages={93-109}
}

% Dwivedi (2013)
@article{Dwivedi2013,
  title={Interpreting quantifier scope ambiguity: Evidence of heuristic first, algorithmic second processing},
  author={Dwivedi, Veena},
  journal={PLoS ONE},
  year={2013},
  volume={8}
}

% Dwivedi & Gibson (2017)
@article{DwiGib2017,
title={An ERP investigation of quantifier scope ambiguous sentences: Evidence for number in events.},
author={Dwivedi, Veena and Gibson, Raechelle M.},
journal={Journal of Neurolinguistics},
volume={42},
year={2017},
pages={63--82},
month={May}
}

% Filik et al (2004)
@article{filik2004,
  title={Processing doubly quantified sentences: Evidence from eye movements},
  author={filik, Ruth and Paterson, Kevin B. and Liversedge, Simon P.},
  journal={Psychonomic Bulletin & Review},
  year={2004},
  volume={11},
  number={5},
  pages={953-959}
}

% Paterson et al (2007)
@article{paterson2007,
author = {Kevin   B.   Paterson  and  Ruth   Filik  and  Simon   P.   Liversedge},
title = {Competition during the processing of quantifier scope ambiguities: Evidence from eye movements during reading},
journal = {The Quarterly Journal of Experimental Psychology},
volume = {61},
number = {3},
pages = {459-473},
year  = {2008},
publisher = {Routledge},
doi = {10.1080/17470210701255317},
URL = {https://www.tandfonline.com/doi/abs/10.1080/17470210701255317},
eprint = {https://www.tandfonline.com/doi/pdf/10.1080/17470210701255317}
}

% Kemtes & Kemper (1998)
@article{kemtes1998,
  title={Aging and resolution of quantifier scope effects},
  author={Kemtes, Karen and Kemper, Susan},
  journal={Journal of Gerontology},
  year={1998},
  volume={54},
  number={B},
  pages={350-360}
}

% Clifton & Frazier (2012)
@article{ClifFrazier2012,
title={Interpreting conjoined noun phrases and conjoined clauses: collective vs. distributive preferences},
author={Clifton, Charles and Frazier, Lyn},
journal={Quarterly journal of experimental psychology},
year={2012},
volume={65},
number={9},
pages={1760--1776},
month={April}
}

%---------------------------------------------------------
% Sobre estatística em geral
%---------------------------------------------------------
% Baayen (2010)
@article{krajewski2010rh,
  title={RH Baayen, Analyzing linguistic data: A practical introduction to statistics using R. Cambridge: Cambridge University Press, 2008. Pp. 368. ISBN-13: 978-0-521-70918-7.},
  author={Krajewski, Grzegorz and Matthews, Danielle},
  journal={Journal of Child Language},
  volume={37},
  number={2},
  pages={465--470},
  year={2010},
  publisher={Cambridge University Press}
}

% Baayen, Davidson & Bates (2008)
@article{baayen2008mixed,
  title={Mixed-effects modeling with crossed random effects for subjects and items},
  author={Baayen, R Harald and Davidson, Douglas J and Bates, Douglas M},
  journal={Journal of memory and language},
  volume={59},
  number={4},
  pages={390--412},
  year={2008},
  publisher={Elsevier}
}

% Jaeger (2008)
@article{jaeger2008categorical,
  title={Categorical data analysis: Away from ANOVAs (transformation or not) and towards logit mixed models},
  author={Jaeger, T Florian},
  journal={Journal of memory and language},
  volume={59},
  number={4},
  pages={434--446},
  year={2008},
  publisher={Elsevier}
}

% Raajimakers (2003)
@article{raaijmakers2003further,
  title={A further look at the" language-as-fixed-effect fallacy".},
  author={Raaijmakers, Jeroen GW},
  journal={Canadian Journal of Experimental Psychology/Revue canadienne de psychologie exp{\'e}rimentale},
  volume={57},
  number={3},
  pages={141},
  year={2003},
  publisher={Canadian Psychological Association}
}

% Sankoff & Labov (1979)
@article{sankoff1979uses,
  title={On the uses of variable rules},
  author={Sankoff, David and Labov, William},
  journal={Language in society},
  volume={8},
  number={2-3},
  pages={189--222},
  year={1979},
  publisher={Cambridge University Press}
}

% Clark (1973)
@article{clark1973language,
  title={The language-as-fixed-effect fallacy: A critique of language statistics in psychological research},
  author={Clark, Herbert H},
  journal={Journal of verbal learning and verbal behavior},
  volume={12},
  number={4},
  pages={335--359},
  year={1973},
  publisher={Elsevier}
}

% Coleman (1964)
@article{coleman1964generalizing,
  title={Generalizing to a language population},
  author={Coleman, Edmund B},
  journal={Psychological Reports},
  volume={14},
  number={1},
  pages={219--226},
  year={1964},
  publisher={SAGE Publications Sage CA: Los Angeles, CA}
}

% Howell (2009)
@book{howell2009statistical,
  title={Statistical methods for psychology},
  author={Howell, David C},
  year={2009},
  publisher={Cengage Learning}
}

% Bussab & Morettin (2012)
@book{bussab2012estatistica,
  title={Estat{\i}stica B{\'a}sica.},
  author={Bussab, WO and Morettin, PA},
  publisher={Editora Saraiva},
  year={2012}
}

% Forster, Rodrigues & Correa (2019)
@article{ForsterRodriguesCorrea2019,
  title={Quantifier comprehension and the hypothesis of visual saliency},
  author={Forster, Rene and Rodrigues, Erica and Correa, Letícia},
  journal={XX European Conference on eye movements},
  year={2019}
}

% Zuur et al. (2010)
@article{zuur2010protocol,
  title={A protocol for data exploration to avoid common statistical problems},
  author={Zuur, Alain F and Ieno, Elena N and Elphick, Chris S},
  journal={Methods in ecology and evolution},
  volume={1},
  number={1},
  pages={3--14},
  year={2010},
  publisher={Wiley Online Library}
}

% Osborne (2008)
@article{Osborne2008,
author = {Osborne, Jason},
year = {2008},
month = {01},
pages = {197-204},
title = {Best practices in data transformation: the overlooked effect of minimal values},
journal = {Best Practices in Quantitative Methods}
}

% Winter (2019)
@book{winter2019,
  title={Statistics for linguists: an introduction using R},
  author={Winter, Bodo},
  year={2019},
  publisher={Routledge}
}

% Baar et al. (2013)
@article{barr2013random,
  title={Random effects structure for confirmatory hypothesis testing: Keep it maximal},
  author={Barr, Dale J and Levy, Roger and Scheepers, Christoph and Tily, Harry J},
  journal={Journal of memory and language},
  volume={68},
  number={3},
  pages={255--278},
  year={2013},
  publisher={Elsevier}
}
